<?xml version = "1.0" encoding = "UTF-8"?><OAI-PMH xmlns="http://www.openarchives.org/OAI/2.0/" xmlns:xsi="http://www.w3.org/2001/XMLSchema-instance" xsi:schemaLocation="http://www.openarchives.org/OAI/2.0/ http://www.openarchives.org/OAI/2.0/OAI-PMH.xsd"><ListRecords><record><header><identifier>aleph-publish:014727290</identifier></header><metadata><record xmlns="http://www.ddb.de/professionell/mabxml/mabxml-1.xsd"><leader>00352nM2.01200024------u</leader><controlfield tag="LDR">00352nM2.01200024------u</controlfield><controlfield tag="FMT">MU</controlfield><datafield tag="001" ind1="-" ind2="1"><subfield code="a">TT001671747</subfield></datafield><datafield tag="001" ind1="-" ind2="2"><subfield code="a">HT002808565</subfield></datafield><datafield tag="002" ind1="a" ind2="1"><subfield code="a">20060407</subfield></datafield><datafield tag="002" ind1="a" ind2="2"><subfield code="a">19950815</subfield></datafield><datafield tag="003" ind1="-" ind2="1"><subfield code="a">20211221095100.0</subfield></datafield><datafield tag="003" ind1="-" ind2="2"><subfield code="a">20210407201611.0</subfield></datafield><datafield tag="004" ind1="-" ind2="1"><subfield code="a">20060323</subfield></datafield><datafield tag="010" ind1="-" ind2="1"><subfield code="a">HT002808565</subfield></datafield><datafield tag="025" ind1="o" ind2="1"><subfield code="a">1071771152</subfield></datafield><datafield tag="025" ind1="o" ind2="2"><subfield code="a">1067549736</subfield></datafield><datafield tag="026" ind1="-" ind2="1"><subfield code="a">HBZTT001671747</subfield></datafield><datafield tag="026" ind1="-" ind2="2"><subfield code="a">HBZHT002808565</subfield></datafield><controlfield tag="030">az1ucr|||||||</controlfield><datafield tag="036" ind1="a" ind2="2"><subfield code="a">DE</subfield></datafield><datafield tag="037" ind1="b" ind2="1"><subfield code="a">ger</subfield></datafield><datafield tag="037" ind1="b" ind2="2"><subfield code="a">ger</subfield></datafield><controlfield tag="050">a|||||||||a|||</controlfield><datafield tag="064" ind1="a" ind2="2"><subfield code="a">Atlas</subfield><subfield code="9">(DE-588)4143303-8</subfield></datafield><datafield tag="070" ind1="-" ind2="1"><subfield code="a">386</subfield></datafield><datafield tag="070" ind1="-" ind2="2"><subfield code="a">465</subfield></datafield><datafield tag="070" ind1="a" ind2="1"><subfield code="a">386</subfield></datafield><datafield tag="070" ind1="b" ind2="1"><subfield code="a">468</subfield></datafield><datafield tag="070" ind1="b" ind2="2"><subfield code="a">290</subfield></datafield><datafield tag="078" ind1="n" ind2="2"><subfield code="a">NWBib-6</subfield></datafield><datafield tag="080" ind1="-" ind2="1"><subfield code="a">60</subfield></datafield><datafield tag="080" ind1="-" ind2="2"><subfield code="a">60</subfield></datafield><controlfield tag="089">Themenbereich 3, Bevölkerung Lfg. 5 Doppelbl. 1</controlfield><datafield tag="090" ind1="-" ind2="1"><subfield code="a">3,5,1</subfield></datafield><datafield tag="100" ind1="b" ind2="2"><subfield code="p">Mayr, Alois</subfield><subfield code="d">1938-2014</subfield><subfield code="b">[Red.]</subfield><subfield code="9">(DE-588)137082479</subfield></datafield><datafield tag="101" ind1="-" ind2="2"><subfield code="p">Mayr, A.</subfield><subfield code="d">1938-2014</subfield></datafield><datafield tag="200" ind1="b" ind2="2"><subfield code="k">Provinzialinstitut für Westfälische Landes- und Volksforschung</subfield><subfield code="b">Geographische Kommission für Westfalen</subfield><subfield code="9">(DE-588)2056181-7</subfield></datafield><datafield tag="201" ind1="-" ind2="2"><subfield code="k">Geographische Kommission für Westfalen</subfield><subfield code="h">Münster, Westfalen</subfield></datafield><datafield tag="201" ind1="-" ind2="2"><subfield code="k">Provinzialinstitut für Westfälische Landes- und Volksforschung</subfield><subfield code="b">Geographische Kommission</subfield></datafield><datafield tag="201" ind1="-" ind2="2"><subfield code="k">Geographische Kommission für Westfalen</subfield><subfield code="h">Provinzialinstitut für Westfälische Landes- und Volksforschung</subfield></datafield><datafield tag="201" ind1="-" ind2="2"><subfield code="k">Provinzialinstitut für westfälische Landes- und Volksforschung</subfield><subfield code="h">Münster, Westfalen</subfield><subfield code="b">Geographische Kommission für Westfalen</subfield></datafield><datafield tag="201" ind1="-" ind2="2"><subfield code="k">Landschaftsverband Westfalen-Lippe</subfield><subfield code="b">Geographische Kommission</subfield></datafield><datafield tag="331" ind1="-" ind2="1"><subfield code="a">Bevölkerungsdichte der Gemeinden 1871 - 1987 und Veränderung 1818 - 1987</subfield></datafield><datafield tag="331" ind1="-" ind2="2"><subfield code="a">Geographisch-landeskundlicher Atlas von Westfalen</subfield></datafield><datafield tag="359" ind1="-" ind2="2"><subfield code="a">hrsg. durch den Landschaftsverband Westfalen-Lippe, Geographische Kommission für Westfalen. Atlasred., wiss. und kartograph. Betreuung: Alois Mayr ...</subfield></datafield><datafield tag="370" ind1="a" ind2="2"><subfield code="a">Atlas von Westfalen</subfield></datafield><datafield tag="410" ind1="-" ind2="2"><subfield code="a">Münster</subfield></datafield><datafield tag="412" ind1="-" ind2="2"><subfield code="a">Aschendorff</subfield></datafield><datafield tag="425" ind1="b" ind2="2"><subfield code="a">1985</subfield></datafield><datafield tag="425" ind1="a" ind2="1"><subfield code="a">1990</subfield></datafield><datafield tag="433" ind1="-" ind2="1"><subfield code="a">[2] Bl. : graph. Darst., Kt.</subfield></datafield><datafield tag="501" ind1="-" ind2="2"><subfield code="a">Nachfolgewerk: Atlas von Westfalen</subfield></datafield><datafield tag="540" ind1="a" ind2="1"><subfield code="a">3-402-06173-2</subfield><subfield code="b">fünfte Lieferung insgesamt</subfield></datafield><datafield tag="540" ind1="a" ind2="1"><subfield code="a">3-402-06174-0</subfield></datafield><datafield tag="700" ind1="l" ind2="1"><subfield code="a">710</subfield></datafield><datafield tag="700" ind1="l" ind2="2"><subfield code="a">710</subfield></datafield><datafield tag="700" ind1="g" ind2="2"><subfield code="a">RD 25226</subfield></datafield><datafield tag="700" ind1="g" ind2="2"><subfield code="a">RD 30226</subfield></datafield><datafield tag="700" ind1="g" ind2="2"><subfield code="a">LB 13050</subfield></datafield><datafield tag="700" ind1="g" ind2="2"><subfield code="a">RD 25053</subfield></datafield><datafield tag="700" ind1="n" ind2="2"><subfield code="a">Westfalen</subfield><subfield code="0">https://nwbib.de/spatial#N04</subfield></datafield><datafield tag="700" ind1="n" ind2="2"><subfield code="a">Allgemeine Landeskunde - Allgemeines</subfield><subfield code="0">https://nwbib.de/subjects#N100100</subfield></datafield><datafield tag="700" ind1="n" ind2="2"><subfield code="a">Karten</subfield><subfield code="0">https://nwbib.de/subjects#N126000</subfield></datafield><datafield tag="902" ind1="-" ind2="2"><subfield code="g">Westfalen</subfield><subfield code="9">(DE-588)4065781-4</subfield></datafield><datafield tag="902" ind1="-" ind2="2"><subfield code="s">Landeskunde</subfield><subfield code="9">(DE-588)4073972-7</subfield></datafield><controlfield tag="SYS">014727290</controlfield><datafield tag="LOW" ind1="-" ind2="1"><subfield code="a">Z9035</subfield></datafield><datafield tag="LOW" ind1="-" ind2="1"><subfield code="a">R0001</subfield></datafield><datafield tag="LOW" ind1="-" ind2="1"><subfield code="a">Q0001</subfield></datafield><datafield tag="LOW" ind1="-" ind2="1"><subfield code="a">B4010</subfield></datafield><datafield tag="LOW" ind1="-" ind2="1"><subfield code="a">Q1005</subfield></datafield><datafield tag="LOW" ind1="-" ind2="1"><subfield code="a">R0003</subfield></datafield><datafield tag="952" ind1="-" ind2="2"><subfield code="g">Provinz Westfalen</subfield></datafield><datafield tag="952" ind1="-" ind2="2"><subfield code="g">Herzogtum Westfalen</subfield></datafield><datafield tag="952" ind1="-" ind2="2"><subfield code="g">Westphalen</subfield></datafield><datafield tag="952" ind1="-" ind2="2"><subfield code="g">Westphalie</subfield></datafield><datafield tag="952" ind1="-" ind2="2"><subfield code="s">Regionalkunde</subfield></datafield><datafield tag="088" ind1=" " ind2=" "><subfield code="a">929</subfield><subfield code="b">00000000</subfield><subfield code="c">K 91/30:3,5,1</subfield><subfield code="e">ILL Ausleihe</subfield></datafield><datafield tag="088" ind1=" " ind2=" "><subfield code="a">5</subfield><subfield code="b">00000000</subfield><subfield code="c">2&apos; 88/1 (Kt,3,5,1)</subfield><subfield code="e">ILL Ausleihe</subfield></datafield><datafield tag="088" ind1=" " ind2=" "><subfield code="a">107</subfield><subfield code="b">00001000</subfield><subfield code="c">1b 1036/3,5,1,Karte</subfield><subfield code="e">ILL Ausleihe</subfield></datafield><datafield tag="088" ind1=" " ind2=" "><subfield code="a">294/22</subfield><subfield code="b">00022090</subfield><subfield code="c">XFD 39-III-5,1 K</subfield><subfield code="e">ILL Ausleihe</subfield></datafield><datafield tag="088" ind1=" " ind2=" "><subfield code="a">Sol 1</subfield><subfield code="c">FN 66</subfield><subfield code="e">keine ILL</subfield></datafield><datafield tag="088" ind1=" " ind2=" "><subfield code="a">5/11</subfield><subfield code="b">00080001</subfield><subfield code="c">ALg 7 (Kt,3,5,1)</subfield><subfield code="e">keine ILL</subfield></datafield><datafield tag="088" ind1=" " ind2=" "><subfield code="a">468</subfield><subfield code="b">20</subfield><subfield code="c">MYJ3447-1,2</subfield><subfield code="e">Präsenzbestand</subfield></datafield><datafield tag="088" ind1=" " ind2=" "><subfield code="a">6/139a</subfield><subfield code="c">C 367,V</subfield><subfield code="e">keine Angabe</subfield></datafield><datafield tag="088" ind1=" " ind2=" "><subfield code="a">6/298</subfield><subfield code="c">Ng 39-3,5,1</subfield><subfield code="e">keine Angabe</subfield></datafield><datafield tag="088" ind1=" " ind2=" "><subfield code="a">6/007</subfield><subfield code="c">70.04.01/6,1,1</subfield><subfield code="e">keine Angabe</subfield></datafield><datafield tag="088" ind1=" " ind2=" "><subfield code="a">290</subfield><subfield code="b">Karte</subfield><subfield code="c">GOA 7/62-3,5,1</subfield></datafield><datafield tag="088" ind1=" " ind2=" "><subfield code="a">466/PT</subfield></datafield></record></metadata></record></ListRecords></OAI-PMH>